<?xml version="1.0" encoding="UTF-8"?><record xmlns="http://www.loc.gov/MARC21/slim" xmlns:cinclude="http://apache.org/cocoon/include/1.0" xmlns:zs="http://www.loc.gov/zing/srw/">
  <leader>00692cz  a2200157n  4500</leader>
  <controlfield tag="001">no2003125199</controlfield>
  <controlfield tag="003">DLC</controlfield>
  <controlfield tag="005">20080106075051.0</controlfield>
  <controlfield tag="008">031212n| acannaabn          |a aaa     c</controlfield>
  <datafield tag="010" ind1=" " ind2=" ">
    <subfield code="a">no2003125199</subfield>
  </datafield>
  <datafield tag="035" ind1=" " ind2=" ">
    <subfield code="a">(OCoLC)oca06227315</subfield>
  </datafield>
  <datafield tag="040" ind1=" " ind2=" ">
    <subfield code="a">OOC</subfield>
    <subfield code="b">eng</subfield>
    <subfield code="c">OOC</subfield>
    <subfield code="d">OOC</subfield>
  </datafield>
  <datafield tag="100" ind1="1" ind2=" ">
    <subfield code="a">Stanford, Charles Villiers,</subfield>
    <subfield code="d">1852-1924.</subfield>
    <subfield code="t">Lighten our darkness, we beseech Thee</subfield>
  </datafield>
  <datafield tag="400" ind1="1" ind2=" ">
    <subfield code="a">Stanford, Charles Villiers,</subfield>
    <subfield code="d">1852-1924.</subfield>
    <subfield code="t">Lighten our darkness</subfield>
  </datafield>
  <datafield tag="670" ind1=" " ind2=" ">
    <subfield code="a">Stanford, C.V. Sacred choral music. 3 [SR] p1998:</subfield>
    <subfield code="b">container (Lighten our darkness) insert (composed 1918)</subfield>
  </datafield>
  <datafield tag="670" ind1=" " ind2=" ">
    <subfield code="a">New Grove, 2nd ed. WWW site, Dec. 12, 2003</subfield>
    <subfield code="b">(Lighten our darkness, we beseech Thee (Book of Common Prayer), anthem, 4vv, org, 1918)</subfield>
  </datafield>
</record>